% For consistency:
% - Retrieve bibtex entries from DBLP.
% - Protect capitalization by enclosing words (not characters) in braces.
% - Use "mnemonic-conference-year" convention for citation key.
% - List in chronological order of publication date, then alphabetic order of mnemonic.

%-------------------------------------------------------------------------------
% 1982
%-------------------------------------------------------------------------------

@inproceedings{nest-unnest-pods-1982,
  author    = {Gerhard Jaeschke and
               Hans-J{\"o}rg Schek},
  title     = {Remarks on the Algebra of Non First Normal Form Relations},
  booktitle = {{PODS}},
  publisher = {ACM},
  year      = {1982},
  isbn      = {0-89791-070-2},
  pages     = {124-138},
  ee        = {http://doi.acm.org/10.1145/588111.588133, db/conf/pods/JaeschkeS82.html},
  bibsource = {DBLP, http://dblp.uni-trier.de}
}

%-------------------------------------------------------------------------------
% 1988
%-------------------------------------------------------------------------------

@article{nested-relational-vldb-1988,
    author      = {Mark A. Roth and
                   Henry F. Korth and
                   Abraham Silberschatz},
    title       = {Extended Algebra and Calculus for Nested Relational Databases},
    journal     = {ACM Trans. Database Syst.},
    volume      = {13},
    number      = {4},
    year        = {1988},
    pages       = {389-417},
    ee          = {http://doi.acm.org/10.1145/49346.49347, db/journals/tods/RothKS88.html},
    bibsource   = {DBLP, http://dblp.uni-trier.de}
}

%-------------------------------------------------------------------------------
% 1989
%-------------------------------------------------------------------------------

@proceedings{nested-relational-workshop-lncs-1989,
  editor    = {Serge Abiteboul and
               Patrick C. Fischer and
               Hans-J{\"o}rg Schek},
  title     = {Nested Relations and Complex Objects},
  booktitle = {NF$^2$},
  publisher = {Springer},
  series    = {Lecture Notes in Computer Science},
  volume    = {361},
  year      = {1989},
  isbn      = {3-540-51171-7},
  bibsource = {DBLP, http://dblp.uni-trier.de}
}

@inproceedings{oql-dbpl-1989,
    author      = {Fran\c{c}ois Bancilhon and
                   Sophie Cluet and
                   Claude Delobel},
    title       = {A Query Language for the {O}$_{\mbox{2}}$ Object-Oriented Database
                   System},
    booktitle   = {DBPL},
    year        = {1989},
    pages       = {122-138},
    ee          = {db/conf/dbpl/BancilhonCD89.html},
    bibsource   = {DBLP, http://dblp.uni-trier.de}
}

%-------------------------------------------------------------------------------
% 1996
%-------------------------------------------------------------------------------

@inproceedings{schemasql-vldb-1996,
  author    = {Laks V. S. Lakshmanan and
               Fereidoon Sadri and
               Iyer N. Subramanian},
  title     = {SchemaSQL - {A} Language for Interoperability in Relational Multi-Database
               Systems},
  booktitle = {VLDB'96},
  pages     = {239--250},
  year      = {1996},
  url       = {http://www.vldb.org/conf/1996/P239.PDF},
  timestamp = {Mon, 17 Sep 2012 21:48:23 +0200},
  biburl    = {http://dblp.uni-trier.de/rec/bib/conf/vldb/LakshmananSS96},
  bibsource = {dblp computer science bibliography, http://dblp.org}
}

%-------------------------------------------------------------------------------
% 1999
%-------------------------------------------------------------------------------

@article{xml-ql-computer-networks-1999,
  author    = {Alin Deutsch and
               Mary F. Fern{\'a}ndez and
               Daniela Florescu and
               Alon Y. Levy and
               Dan Suciu},
  title     = {A Query Language for {XML}},
  journal   = {Computer Networks},
  volume    = {31},
  number    = {11-16},
  year      = {1999},
  pages     = {1155-1169},
  ee        = {http://dx.doi.org/10.1016/S1389-1286(99)00020-1},
  bibsource = {DBLP, http://dblp.uni-trier.de}
}

%-------------------------------------------------------------------------------
% 2000
%-------------------------------------------------------------------------------

@article{xml-query-language-survey-sigmod-record-2000,
  author    = {Angela Bonifati and
               Stefano Ceri},
  title     = {Comparative Analysis of Five {XML} Query Languages},
  journal   = {SIGMOD Record},
  volume    = {29},
  number    = {1},
  year      = {2000},
  pages     = {68-79},
  ee        = {http://doi.acm.org/10.1145/344788.344822},
  bibsource = {DBLP, http://dblp.uni-trier.de}
}


%-------------------------------------------------------------------------------
% 2007
%-------------------------------------------------------------------------------

@inproceedings{dynamo-sosp-2007,
  author    = {Giuseppe DeCandia and
               Deniz Hastorun and
               Madan Jampani and
               Gunavardhan Kakulapati and
               Avinash Lakshman and
               Alex Pilchin and
               Swaminathan Sivasubramanian and
               Peter Vosshall and
               Werner Vogels},
  title     = {Dynamo: {Amazon's} highly available key-value store},
  booktitle = {SOSP},
  year      = {2007},
  pages     = {205-220},
  ee        = {http://doi.acm.org/10.1145/1294261.1294281},
  bibsource = {DBLP, http://dblp.uni-trier.de}
}

%-------------------------------------------------------------------------------
% 2008
%-------------------------------------------------------------------------------

@inproceedings{pig-sigmod-2008,
  author    = {Christopher Olston and
               Benjamin Reed and
               Utkarsh Srivastava and
               Ravi Kumar and
               Andrew Tomkins},
  title     = {Pig {Latin}: a not-so-foreign language for data processing},
  booktitle = {SIGMOD Conference},
  year      = {2008},
  pages     = {1099-1110},
  ee        = {http://doi.acm.org/10.1145/1376616.1376726},
  bibsource = {DBLP, http://dblp.uni-trier.de}
}

%-------------------------------------------------------------------------------
% 2009
%-------------------------------------------------------------------------------

@article{sql-mr-pvldb-2009,
  author    = {Eric Friedman and
               Peter M. Pawlowski and
               John Cieslewicz},
  title     = {{SQL/MapReduce}: A practical approach to self-describing,
               polymorphic, and parallelizable user-defined functions},
  journal   = {PVLDB},
  volume    = {2},
  number    = {2},
  year      = {2009},
  pages     = {1402-1413},
  ee        = {http://www.vldb.org/pvldb/2/vldb09-464.pdf},
  bibsource = {DBLP, http://dblp.uni-trier.de}
}

%-------------------------------------------------------------------------------
% 2010
%-------------------------------------------------------------------------------

@article{cassandra-osr-2010,
  author    = {Avinash Lakshman and
               Prashant Malik},
  title     = {Cassandra: a decentralized structured storage system},
  journal   = {Operating Systems Review},
  volume    = {44},
  number    = {2},
  year      = {2010},
  pages     = {35-40},
  ee        = {http://doi.acm.org/10.1145/1773912.1773922},
  bibsource = {DBLP, http://dblp.uni-trier.de}
}

@article{dremel-pvldb-2010,
  author    = {Sergey Melnik and
               Andrey Gubarev and
               Jing Jing Long and
               Geoffrey Romer and
               Shiva Shivakumar and
               Matt Tolton and
               Theo Vassilakis},
  title     = {Dremel: Interactive Analysis of Web-Scale Datasets},
  journal   = {PVLDB},
  volume    = {3},
  number    = {1},
  year      = {2010},
  pages     = {330-339},
  ee        = {http://www.comp.nus.edu.sg/$\sim$vldb2010/proceedings/files/papers/R29.pdf},
  bibsource = {DBLP, http://dblp.uni-trier.de}
}

@inproceedings{hive-icde-2010,
  author    = {Ashish Thusoo and
               Joydeep Sen Sarma and
               Namit Jain and
               Zheng Shao and
               Prasad Chakka and
               Ning Zhang and
               Suresh Anthony and
               Hao Liu and
               Raghotham Murthy},
  title     = {Hive - a petabyte scale data warehouse using {Hadoop}},
  booktitle = {ICDE},
  year      = {2010},
  pages     = {996-1005},
  ee        = {http://doi.ieeecomputersociety.org/10.1109/ICDE.2010.5447738},
  bibsource = {DBLP, http://dblp.uni-trier.de}
}

%-------------------------------------------------------------------------------
% 2011
%-------------------------------------------------------------------------------

@article{asterixdb-dpd-2011-all-authors,
  author    = {Alexander Behm and
               Vinayak R. Borkar and
               Michael J. Carey and
               Raman Grover and
               Chen Li and
               Nicola Onose and
               Rares Vernica and
               Alin Deutsch and
               Yannis Papakonstantinou and
               Vassilis J. Tsotras},
  title     = {{ASTERIX}: towards a scalable, semistructured data platform
               for evolving-world models},
  journal   = {Distributed and Parallel Databases},
  volume    = {29},
  number    = {3},
  year      = {2011},
  pages     = {185-216},
  ee        = {http://dx.doi.org/10.1007/s10619-011-7082-y},
  bibsource = {DBLP, http://dblp.uni-trier.de}
}

@article{asterixdb-dpd-2011,
  author    = {Alexander Behm and
               others},
  title     = {{ASTERIX}: towards a scalable, semistructured data platform
               for evolving-world models},
  journal   = {Distributed and Parallel Databases},
  volume    = {29},
  number    = {3},
  year      = {2011},
  pages     = {185-216},
  ee        = {http://dx.doi.org/10.1007/s10619-011-7082-y},
  bibsource = {DBLP, http://dblp.uni-trier.de}
}

@article{jaql-pvldb-2011,
  author    = {Kevin S. Beyer and
               Vuk Ercegovac and
               Rainer Gemulla and
               Andrey Balmin and
               Mohamed Y. Eltabakh and
               Carl-Christian Kanne and
               Fatma {\"O}zcan and
               Eugene J. Shekita},
  title     = {Jaql: A Scripting Language for Large Scale Semistructured
               Data Analysis},
  journal   = {PVLDB},
  volume    = {4},
  number    = {12},
  year      = {2011},
  pages     = {1272-1283},
  ee        = {http://www.vldb.org/pvldb/vol4/p1272-beyer.pdf},
  bibsource = {DBLP, http://dblp.uni-trier.de}
}

%-------------------------------------------------------------------------------
% 2012
%-------------------------------------------------------------------------------

@misc{big-data-3v-oreilly-2012,
    author  = {Edd Dumbill},
    title   = {What is {Big} {Data}?},
    year    = {2012},
    note    = {\url{http://strata.oreilly.com/2012/01/what-is-big-data.html}},
}

@inproceedings{f1-sigmod-2012,
  author    = {Jeff Shute and
               Mircea Oancea and
               Stephan Ellner and
               Ben Handy and
               Eric Rollins and
               Bart Samwel and
               Radek Vingralek and
               Chad Whipkey and
               Xin Chen and
               Beat Jegerlehner and
               Kyle Littlefield and
               Phoenix Tong},
  title     = {F1: the fault-tolerant distributed {RDBMS} supporting {Google's}
               ad business},
  booktitle = {SIGMOD Conference},
  year      = {2012},
  pages     = {777-778},
  ee        = {http://doi.acm.org/10.1145/2213836.2213954},
  bibsource = {DBLP, http://dblp.uni-trier.de}
}

@misc{hadoop-forrester-2012,
    author  = {James G. Kobielus and
               Stephen Powers and
               Brian Hopkins and
               Boris Evelson and
               Shannon Coyne},
    title   = {The {Forrester} {Wave}: Enterprise {Hadoop} Solutions},
    year    = {2012},
    note    = {\url{http://www.forrester.com/Hadoop/fulltext/-/E-RES60755}},
}

@article{newsql-cacm-2012,
  author    = {Michael Stonebraker},
  title     = {New opportunities for {New SQL}},
  journal   = {Commun. ACM},
  volume    = {55},
  number    = {11},
  year      = {2012},
  pages     = {10-11},
  ee        = {http://doi.acm.org/10.1145/2366316.2366319},
  bibsource = {DBLP, http://dblp.uni-trier.de}
}

%-------------------------------------------------------------------------------
% 2013
%-------------------------------------------------------------------------------

@article{jsoniq-ieee-ic-2013,
  author    = {Daniela Florescu and
               Ghislain Fourny},
  title     = {{JSONiq}: The History of a Query Language},
  journal   = {IEEE Internet Computing},
  volume    = {17},
  number    = {5},
  year      = {2013},
  pages     = {86-90},
  ee        = {http://doi.ieeecomputersociety.org/10.1109/MIC.2013.97},
  bibsource = {DBLP, http://dblp.uni-trier.de}
}

@misc{operational-db-gartner-2013,
    author  = {Donald Feinberg and
               Merv Adrian and
               Nick Heudecker},
    title   = {Gartner Magic Quadrant for Operational Database Management Systems},
    year    = {2013},
    note    = {\url{http://www.gartner.com/technology/reprints.do?id=1-1M9YEHW&ct=131028&st=sb}},
}

@misc{xquery-3.0-w3c-2013,
    author  = {Jonathan Robie and
               Don Chamberlin and
               Michael Dyck and
               John Snelson},
    title   = {{XQuery} 3.0: An {XML} Query Language, {W3C} Candidate Recommendation},
    year    = {2013},
    note    = {\url{http://www.w3.org/TR/2013/PR-xquery-30-20131022/}},
}

%-------------------------------------------------------------------------------
% 2014
%-------------------------------------------------------------------------------

@misc{list-comprehension-wikipedia-2014,
    author  = {Wikipedia},
    title   = {List Comprehension},
    year    = {2014},
    note    = {Accessed Jan 31 2014. \url{http://en.wikipedia.org/w/index.php?title=List_comprehension&oldid=593258069}},
}

@misc{sqlpp-survey-2014,
    author  = {Kian Win Ong and
               Yannis Papakonstantinou and
               Romain Vernoux},
    title   = {{SQL++}: An Expressiveness Benchmark of {SQL-on-Hadoop}, {NoSQL} and {NewSQL} Databases},
    year    = {2014},
    note    = {\url{http://db.ucsd.edu/pubsFileFolder/375.pdf}},
}

@misc{top-type-wikipedia-2014,
    author  = {Wikipedia},
    title   = {Top Type},
    year    = {2014},
    note    = {Accessed Sep 30 2014. \url{http://en.wikipedia.org/w/index.php?title=Top_type&oldid=627625444}},
}

%-------------------------------------------------------------------------------
% 2015
%-------------------------------------------------------------------------------

@misc{n1ql-to-sqlpp-2015,
    author  = {Kian Win Ong and
               Yannis Papakonstantinou and
               Gerald Sangudi},
    title   = {A Reduction of {N1QL} into {SQL++} Core},
    year    = {2015},
    note    = {\url{http://db.ucsd.edu/pubsFileFolder/382.pdf}},
}


% Manual entry as DBLP has not been updated yet
@article{oracle-flexible-schema-cidr-2015,
  author    = {Zhen Hua Liu and
               Dieter Gawlick},
  title     = {Management of Flexible Schema Data in {RDBMSs}: 
               Opportunities and Limitations for {NoSQL}},
  journal   = {{CIDR}},
  year      = {2015},
}

@article{sqlpp-extended-corr-2015,
  author    = {Kian Win Ong and
               Yannis Papakonstantinou},
  title     = {The {SQL++} Query Language: Configurable, Unifying and Semi-structured},
  journal   = {CoRR},
  volume    = {abs/1405.3631},
  year      = {2015},
  note      = {\url{http://arxiv.org/abs/1405.3631}},
  ee        = {http://arxiv.org/abs/1405.3631},
}

@misc{SQLpp-on-db.ucsd,
 author = {Kian Win Ong and Yannis Papakonstantinou},
 title = {The {SQL++} Query Language: Configurable, Unifying and Semi-structured},
 year = {2015},
 note ={\url{http://db.ucsd.edu/pubsFileFolder/383.pdf}}
}
%-------------------------------------------------------------------------------
% Websites
%-------------------------------------------------------------------------------

@misc{bson,
    key     = {BSON},
    title   = {{BSON}},
    note    = {\url{http://bsonspec.org/}},
}

@misc{couchbase,
    key     = {Couchbase},
    title   = {Couchbase},
    note    = {\url{http://www.couchbase.com/}},
}

@misc{db-engines,
    key     = {DB-Engines},
    title   = {{DB-Engines} Ranking},
    note    = {\url{http://db-engines.com/en/ranking}},
}

@misc{impala,
    key     = {Cloudera Impala},
    title   = {Cloudera {Impala}},
    note    = {\url{http://www.cloudera.com/content/cloudera/en/products-and-services/cdh/impala.html}},
}

@misc{json,
    key     = {JSON},
    title   = {{JSON}},
    note    = {\url{http://www.json.org/}},
}

@misc{json-path,
    key     = {JSONPath},
    title   = {{JSONPath}},
    note    = {\url{http://goessner.net/articles/JsonPath/}},
}

@misc{memsql,
    key     = {MemSQL},
    title   = {{MemSQL}},
    note    = {\url{http://www.memsql.com/}},
}

@misc{mongodb,
    key     = {MongoDB},
    title   = {{MongoDB}},
    note    = {\url{http://www.mongodb.org/}},
}

@misc{neo4j,
    key     = {Neo4j},
    title   = {Neo4j},
    note    = {\url{http://www.neo4j.org/}},
}

@misc{protocol-buffers,
    key     = {Protocol Buffers},
    title   = {Protocol {Buffers}},
    note    = {\url{http://developers.google.com/protocol-buffers/}},
}

@misc{redis,
    key     = {Redis},
    title   = {Redis},
    note    = {\url{http://redis.io/}},
}

@misc{unityjdbc,
    key     = {UnityJDBC},
    title   = {{JDBC} Driver for {MongoDB}},
    note    = {\url{http://www.unityjdbc.com/mongojdbc/mongosqltranslate.php}},
}

@misc{voltdb,
    key     = {VoltDB},
    title   = {{VoltDB}},
    note    = {\url{http://voltdb.com/}},
}

@misc{cql-wide-rows,
    key     = {CQL-doc},
    title   = {Does {CQL} support dynamic columns / wide rows?},
    note    = {\url{http://www.datastax.com/dev/blog/does-cql-support-dynamic-columns-wide-rows/}},
}



%-------------------------------------------------------------------------------
% TODO
%-------------------------------------------------------------------------------

@misc{iso11sqlstandard,
   key = {ISO 9075},
   publisher = {ISO, Geneva, Switzerland},
   type = {Norm},
   title = {ISO 9075:2011, SQL:2011, Information technology -- Database languages -- SQL},
   number = {ISO 9075},
   year = {2011}
}

@inproceedings{tudorica2011nosqlperf, 
 author={Tudorica, B.G. and Bucur, C.}, 
 booktitle={Roedunet International Conference (RoEduNet), 2011 10th}, 
 title={A comparison between several NoSQL databases with comments and notes}, 
 year={2011}, 
 month={June}, 
 pages={1-5}, 
 ISSN={2068-1038},
}

@article{rabl2012nosqlperf,
 author = {Rabl, Tilmann and G\'{o}mez-Villamor, Sergio and Sadoghi, Mohammad and Munt{\'e}s-Mulero, Victor and Jacobsen, Hans-Arno and Mankovskii, Serge},
 title = {Solving Big Data Challenges for Enterprise Application Performance Management},
 journal = {Proc. VLDB Endow.},
 issue_date = {August 2012},
 volume = {5},
 number = {12},
 month = aug,
 year = {2012},
 issn = {2150-8097},
 pages = {1724--1735},
 numpages = {12},
 url = {http://dl.acm.org/citation.cfm?id=2367502.2367512},
 acmid = {2367512},
 publisher = {VLDB Endowment},
}

@inproceedings{benzaken2013nosqltyping,
 author = {Benzaken, V{\'e}ronique and Castagna, Giuseppe and Nguyen, Kim and Sim{\'e}on, J{\'e}r\^{o}me},
 title = {Static and Dynamic Semantics of NoSQL Languages},
 booktitle = {Proceedings of the 40th Annual ACM SIGPLAN-SIGACT Symposium on Principles of Programming Languages},
 series = {POPL '13},
 year = {2013},
 isbn = {978-1-4503-1832-7},
 location = {Rome, Italy},
 pages = {101--114},
 numpages = {14},
 url = {http://doi.acm.org/10.1145/2429069.2429083},
 doi = {10.1145/2429069.2429083},
 acmid = {2429083},
 publisher = {ACM},
 address = {New York, NY, USA},
 keywords = {NoSQL, bigdata analytics, cloud computing, jaql, type inference},
}
